

@inproceedings{Zhou:2008,
 author = {Zhou, Yunhong and Wilkinson, Dennis and Schreiber, Robert and Pan, Rong},
 title = {Large-Scale Parallel Collaborative Filtering for the Netflix Prize},
 booktitle = {Proceedings of the 4th International Conference on Algorithmic Aspects in Information and Management},
 series = {AAIM '08},
 year = {2008},
 isbn = {978-3-540-68865-5},
 location = {Shanghai, China},
 pages = {337--348},
 numpages = {12},
 acmid = {1424269}
} 
